@misc{BDOnto,
  title        = {Classifying Big Data Technologies - An Ontology-based Approach},
  url = {https://www.researchgate.net/publication/327238611_Classifying_Big_Data_Technologies_-_An_Ontology-based_Approach}
}
@misc{BDOnto_PhD,
  title        = {Decision Support for the Technology Selection in Big Data Projects: An End-to-End Approach},
  url = {https://d-nb.info/1275584411/34}
}
@misc{SWO,
  title        = {Software ontology},
  url = {https://www.ebi.ac.uk/ols/ontologies/swo}
}
@misc{IAO,
  title        = {Information Artifact Ontology},
  url = {https://www.ebi.ac.uk/ols/ontologies/iao}
}
@misc{OntoDM,
  title        = {Ontology of Data Mining},
  url = {https://www.researchgate.net/publication/220765263\_OntoDM\_An\_ontology\_of\_data\_mining}
}
@misc{DLO,
  title        = {Data License Ontology},
  url = {https://earthcubearchitecture-ecresourcereg.github.io/dlo/index-en.html}
}
@misc{Code_Ontology,
  title        = {Code Ontology},
  url = {http://codeontology.org/}
}
@misc{Hardware_Ontology,
  title        = {Hardware Ontology},
  url = {https://github.com/amirdeljouyi/Hardware-Ontology}
}
@misc{Protege_Tutorial,
  title        = {Protege OWL Tutorial},
  url = {http://owl.cs.manchester.ac.uk/publications/talks-and-tutorials/protg-owl-tutorial/}
}

@inproceedings{naous2017analytics,
  title={Analytics as a Service: Cloud Computing and the Trans-formation of Business Analytics Business Models and Ecosystems},
  author={Naous, Dana and Schwarz, Johannes and Legner, Christine},
  booktitle={Proceedings of the 25th European Conference on Information Systems (ECIS 2017)},
  year={2017}
}

@misc{datetime_builtin,
  title        = {W3C Built-Ins for Date, Time and Duration},
  url = {https://www.w3.org/submissions/SWRL/}
}

@misc{SWRLTemporalBuiltInsBasic,
  title        = {SWRL Temporal Built-Ins Basic},
  url = {https://github.com/protegeproject/swrlapi/wiki/SWRLTemporalBuiltInsBasic}
}

@misc{SWRLTab,
  title        = {SWRLTab Protègè Homepage},
  url = {https://github.com/protegeproject/swrltab}
}

@misc{SWRLTabplugin,
  title        = {SWRLTab Protègè Plugin Homepage},
  url = {https://github.com/protegeproject/swrltab/wiki}
}


@misc{pelletreasoner,
  title        = {Pellet Reasoner Homepage},
  url = {https://github.com/stardog-union/pellet}
}

@misc{pelletsupporttime,
  title        = {Pellet Built-Ins Support},
  url = {https://github.com/stardog-union/pellet/wiki/FAQ}
}

@misc{snapsparqlquery,
  title        = {Snap SPARQL Query Protègè Plugin},
  url = {https://github.com/protegeproject/snap-sparql-query}
}

@misc{graphdbhomepage,
  title        = {GraphDB Homepage},
  url = {https://graphdb.ontotext.com/}
}
@misc{definedclass,
  title        = {Protègè OWL Pizza Tutorial Defined Class Section},
  url = {https://protege.stanford.edu/}
}

@misc{sparqluibug,
  title        = {SPARQL Protègè UI Bug},
  url = {https://stackoverflow.com/questions/44805204/sparql-query-individual-in-protege}
}

@misc{sparqlsubqueryissue,
  title        = {SPARQL Protègè Subquery Issue},
  url = {https://github.com/protegeproject/snap-sparql-query/issues/10}
}

@misc{bigdatalandscape2021,
  title        = {Landscape ML, AI e Big Data 2021},
  url = {https://mattturck.com/data2021/}
}

@misc{protegehomepage,
  title        = {Protègè Homepage},
  url = {https://protegeproject.github.io/protege/}
}
























